@ARTICLE{bloedel,
        AUTHOR="Bloedel, J.R. and J. Courville",
        YEAR="1981",
        TITLE="A review of cerebellar afferent systems",
        JOURNAL="Handbook of Physiology",
        VOLUME="II. Motor control (ed. V.B. Brooks)",
        PAGES="735--830",
        ORGANIZATION="Williams and Wilkins, Baltimore, MD"
}

