@article{martin1991,
  author = {Martin, E. and Russell, D. and Goodwin, S. and Chapman, R. and North, M. and Sheridan, P.},
  title = {Why patients consult and what happens when they do},
  journal = {Br. Med. J.},
  year = {1991},
  volume = {303},
  pages = {289-292},
}

@book{spiro1977,
  author = {Spiro, H.M.},
  title = {Clinical Gastroenterology},
  edition = {2},
  year = {1977},
  publisher = {Macmillan},
  address = {New York},
}

@book{burck1988,
  author = {Burck, K.B. and Liu, E.T. and Larrick, J.W.},
  title = {Oncogenes: An Introduction to the Concept of Cancer Genes},
  year = {1988},
  publisher = {Springer-Verl.},
  address = {New York, Berlin, Heidelberg (usw.)},
  note = {s. bes. S. 99}
}

@incollection{goust1990,
  author = {Goust, M.M.},
  title = {Major histocompatibility complex},
  editor = {Virella, G. and Goust, J.M. and Fudenberg, H.H.},
  booktitle = {Introduction to Medical Immunology},
  edition = {2},
  series = {Immunology Ser.},
  volume = {50},
  pages = {31-51},
  year = {1990},
  publisher = {Dekker},
  address = {New York, Basel},
}
